% Encoding: UTF-8


@article{parekh1993generalized,
	title={A generalized processor sharing approach to flow control in integrated services networks: {The} single-node case},
	author={Parekh, Abhay and Gallager, Robert G},
	journal={IEEE/ACM Trans. Netw},
	volume={1},
	number={3},
	pages={344-357},
	year={1993},
	month={Jun},
	publisher={IEEE}
}


% ------------------------------------------ Ref ------------------------------------------


@article{mnih2015human,
	title={Human-level control through deep reinforcement learning},
	author={Mnih, Volodymyr and Kavukcuoglu, Koray and Silver, David and Rusu, Andrei A and Veness, Joel and Bellemare, Marc G and Graves, Alex and Riedmiller, Martin and Fidjeland, Andreas K and Ostrovski, Georg and others},
	journal={nature},
	volume={518},
	number={7540},
	pages={529--533},   
	year={2015},
	publisher={Nature Publishing Group UK London}
}


@article{hernandez2017survey,
	title={A survey of learning in multiagent environments: Dealing with non-stationarity},
	author={Hernandez-Leal, Pablo and Kaisers, Michael and Baarslag, Tim and De Cote, Enrique Munoz},
	journal={arXiv preprint arXiv:1707.09183},
	year={2017}
}


@book{puterman2014markov,
	title={Markov decision processes: discrete stochastic dynamic programming},
	author={Puterman, Martin L},
	year={2014},
	publisher={John Wiley \& Sons}
}

@article{zhang2021multi,
	title={Multi-agent reinforcement learning: A selective overview of theories and algorithms},
	author={Zhang, Kaiqing and Yang, Zhuoran and Ba{\c{s}}ar, Tamer},
	journal={Handbook of reinforcement learning and control},
	pages={321--384},
	year={2021},
	publisher={Springer}
}

% ------------------------------------------ RL ------------------------------------------  


885
@article{huang2019deep,
	title={Deep reinforcement learning for online computation offloading in wireless powered mobile-edge computing networks},
	author={Huang, Liang and Bi, Suzhi and Zhang, Ying-Jun Angela},
	journal={IEEE Trans Mob Comput},
	volume={19},
	number={11},
	pages={2581--2593},
	year={2019},
	month={Jul},
	publisher={IEEE}
}


377
@article{zhao2019deep,
	title={Deep reinforcement learning for user association and resource allocation in heterogeneous cellular networks},
	author={Zhao, Nan and Liang, Ying-Chang and Niyato, Dusit and Pei, Yiyang and Wu, Minghu and Jiang, Yunhao},
	journal={IEEE Trans. Wirel. Commun.},
	volume={18},
	number={11},
	pages={5141--5152},
	year={2019},
	month={Aug},
	publisher={IEEE}
}


287
@ARTICLE{Tang2020deep,
	author={Tang, Ming and Wong, Vincent W.S.},
	journal={IEEE Trans Mob Comput}, 
	title={Deep Reinforcement Learning for Task Offloading in Mobile Edge Computing Systems}, 
	year={2020},
	volume={21},
	number={6},
	month={Nov},
	pages={1985-1997},
	publisher={IEEE}
}

180
@article{zhou2021deep,
	title={Deep reinforcement learning for energy-efficient computation offloading in mobile-edge computing},
	author={Zhou, Huan and Jiang, Kai and Liu, Xuxun and Li, Xiuhua and Leung, Victor CM},
	journal={IEEE Internet Things J.},
	volume={9},
	number={2},
	pages={1517--1530},
	year={2021},
	month={Jun},
	publisher={IEEE}
}


147
@article{ale2021delay,
	title={Delay-aware and energy-efficient computation offloading in mobile-edge computing using deep reinforcement learning},
	author={Ale, Laha and Zhang, Ning and Fang, Xiaojie and Chen, Xianfu and Wu, Shaohua and Li, Longzhuang},
	journal={IEEE Trans. Cogn. Commun. Netw.}, 
	volume={7},
	number={3},
	pages={881--892},
	year={2021},
	publisher={IEEE}
}


103
@article{deng2021intelligent,
	title={Intelligent delay-aware partial computing task offloading for multi-user industrial Internet of Things through edge computing},
	author={Deng, Xiaoheng and Yin, Jian and Guan, Peiyuan and Xiong, Neal N and Zhang, Lan and Mumtaz, Shahid},
	journal={IEEE Internet Things J.},
	year={2023},
	publisher={IEEE}
}

3
@article{tian2021delay,
	title={Delay-aware stochastic resource management for mobile edge computing systems via constrained reinforcement learning},
	author={Tian, Chang and Liu, An and Luo, Wu},
	journal={IEEE Wireless Communications Letters},
	volume={10},
	number={12},
	pages={2708--2712},
	year={2021},
	publisher={IEEE}
}

55
@article{gong2022edge,
	title={Edge intelligence-driven joint offloading and resource allocation for future 6G industrial internet of things},
	author={Gong, Yongkang and Yao, Haipeng and Wang, Jingjing and Li, Maozhen and Guo, Song},
	journal={IEEE Trans. Netw. Sci. Eng.},
	year={2022},
	month={Jan},
	publisher={IEEE}
}




30
@ARTICLE{gao2022large,
	author={Gao, Zhen and Yang, Lei and Dai, Yu},
	journal={IEEE Trans Mob Comput}, 
	title={Large-Scale Computation Offloading Using a Multi-Agent Reinforcement Learning in Heterogeneous Multi-Access Edge Computing}, 
	year={2023},
	month={Jan},
	volume={22},
	number={6},
	pages={3425-3443},
	doi={10.1109/TMC.2022.3141080}}



33
@article{liao2023online,
	title={Online computation offloading with double reinforcement learning algorithm in mobile edge computing},
	author={Liao, Linbo and Lai, Yongxuan and Yang, Fan and Zeng, Wenhua},
	journal={J Parallel Distrib Comput},
	volume={171},
	pages={28--39},
	year={2023},
	month={Jan},
	publisher={Elsevier}
}


------------------------------

@article{bolourian2024deep,
	title={Deep Q-Learning for Minimum Task Drop in SWIPT-Enabled Mobile-Edge Computing},
	author={Bolourian, Mehdi and Shah-Mansouri, Hamed},
	journal={IEEE Wireless Commun. Letters},
	year={2024},
	volume={13},
	number={3},
	pages={894-898},
	month={Mar},
	publisher={IEEE}
}

@article{sun2024hierarchical,
	title={Hierarchical Deep Reinforcement Learning for Joint Service Caching and Computation Offloading in Mobile Edge-Cloud Computing},
	author={Sun, Chuan and Li, Xiuhua and Wang, Chenyang and He, Qiang and Wang, Xiaofei and Leung, Victor CM},
	journal={accepted for publication in IEEE Trans. Services Computing},
	year={2024},
	publisher={IEEE}
}


@article{rahmati2023QECO,
	title={QECO: A QoE-Oriented Computation Offloading Algorithm based on Deep Reinforcement Learning for Mobile Edge Computing},
	author={Rahmati, Iman and Shah-Mansouri, Hamed and Movaghar, Ali},
	journal={IEEE Trans. Netw. Sci. Eng.},
	year={2024}
}
 



% ----------------------------------- Multi-Agent RL ------------------------------------  

16
@article{yang2023cooperative,
	title={Cooperative task offloading for mobile edge computing based on multi-agent deep reinforcement learning},
	author={Yang, Jian and Yuan, Qifeng and Chen, Shuangwu and He, Huasen and Jiang, Xiaofeng and Tan, Xiaobin},
	journal={IEEE Transactions on Network and Service Management},
	volume={20},
	number={3},
	pages={3205--3219},
	year={2023},
	publisher={IEEE}
}


35
@article{gao2023ddpg,
	title={Com-DDPG: Task offloading based on multiagent reinforcement learning for information-communication-enhanced mobile edge computing in the internet of vehicles},
	author={Gao, Honghao and Wang, Xuejie and Wei, Wei and Al-Dulaimi, Anwer and Xu, Yueshen},
	journal={IEEE Transactions on Vehicular Technology},
	year={2023},
	publisher={IEEE}
}


59
@article{nguyen2021cooperative,
	title={Cooperative task offloading and block mining in blockchain-based edge computing with multi-agent deep reinforcement learning},
	author={Nguyen, Dinh C and Ding, Ming and Pathirana, Pubudu N and Seneviratne, Aruna and Li, Jun and Poor, H Vincent},
	journal={IEEE Transactions on Mobile Computing},
	volume={22},
	number={4},
	year={2021},
	month={Apr},
	publisher={IEEE}
}


@article{tan2023communication,
	title={Communication-Assisted Multi-Agent Reinforcement Learning Improves Task-Offloading in UAV-Aided Edge-Computing Networks},
	author={Tan, Siyang and Chen, Binqiang and Liu, Dong and Zhang, Jianglong and Hanzo, Lajos},
	journal={IEEE Wireless Commun. Letters},
	year={2023},
	volume={12},
	number={12},
	pages={2233-2237},
	month={Des},
	publisher={IEEE}
}
 
    

22
@article{munir2021multi,
	title={Multi-agent meta-reinforcement learning for self-powered and sustainable edge computing systems},
	author={Munir, Md Shirajum and Tran, Nguyen H and Saad, Walid and Hong, Choong Seon},
	journal={IEEE Transactions on Network and Service Management},
	volume={18},
	number={3},
	pages={3353--3374},
	year={2021},
	publisher={IEEE}
}



% % ----------------------------------- ? Multi-Agent RL ------------------------------------  

5
@article{ding2023multiagent,
	title={A multiagent meta-based task offloading strategy for mobile-edge computing},
	author={Ding, Weichao and Luo, Fei and Gu, Chunhua and Dai, Zhiming and Lu, Haifeng},
	journal={IEEE Transactions on Cognitive and Developmental Systems},
	volume={16},
	number={1},
	pages={100--114},
	year={2023},
	publisher={IEEE}
}


0
@inproceedings{teymoori2023latency,
	title={Latency-Constrained Dynamic Computation Offloading in Mobile Edge Computing using Multi-Agent Reinforcement Learning},
	author={Teymoori, Peyvand and Boukerche, Azzedine},
	booktitle={GLOBECOM 2023-2023 IEEE Global Communications Conference},
	pages={3688--3693},
	year={2023},
	organization={IEEE}
}


26
@article{allahham2022multi,
	title={Multi-agent reinforcement learning for network selection and resource allocation in heterogeneous multi-RAT networks},
	author={Allahham, Mhd Saria and Abdellatif, Alaa Awad and Mhaisen, Naram and Mohamed, Amr and Erbad, Aiman and Guizani, Mohsen},
	journal={IEEE Transactions on Cognitive Communications and Networking},
	volume={8},
	number={2},
	pages={1287--1300},
	year={2022},
	publisher={IEEE}
}


23
@article{ning2023multi,
	title={Multi-agent deep reinforcement learning based UAV trajectory optimization for differentiated services},
	author={Ning, Zhaolong and Yang, Yuxuan and Wang, Xiaojie and Song, Qingyang and Guo, Lei and Jamalipour, Abbas},
	journal={IEEE Transactions on Mobile Computing},
	year={2023},
	publisher={IEEE}
}


28
@article{wei2023many,
	title={Many-to-many task offloading in vehicular fog computing: A multi-agent deep reinforcement learning approach},
	author={Wei, Zhiwei and Li, Bing and Zhang, Rongqing and Cheng, Xiang and Yang, Liuqing},
	journal={IEEE Transactions on Mobile Computing},
	volume={23},
	number={3},
	pages={2107--2122},
	year={2023},
	publisher={IEEE}
}


28
@article{lyu2022optimal,
	title={Optimal computation offloading in collaborative LEO-IoT enabled MEC: A multiagent deep reinforcement learning approach},
	author={Lyu, Yifeng and Liu, Zhi and Fan, Rongfei and Zhan, Cheng and Hu, Han and An, Jianping},
	journal={IEEE Transactions on Green Communications and Networking},
	volume={7},
	number={2},
	pages={996--1011},
	year={2022},
	publisher={IEEE}
}


13
@article{cui2022multi,
	title={Multi-agent deep reinforcement learning-based interdependent computing for mobile edge computing-assisted robot teams},
	author={Cui, Qimei and Zhao, Xiyu and Ni, Wei and Hu, Zheng and Tao, Xiaofeng and Zhang, Ping},
	journal={IEEE Transactions on Vehicular Technology},
	volume={72},
	number={5},
	pages={6599--6610},
	year={2022},
	publisher={IEEE}
}



23
@article{qin2022multi,
	title={Multi-agent reinforcement learning aided computation offloading in aerial computing for the internet-of-things},
	author={Qin, Zeyu and Yao, Haipeng and Mai, Tianle and Wu, Di and Zhang, Ni and Guo, Song},
	journal={IEEE Transactions on Services Computing},
	volume={16},
	number={3},
	pages={1976--1986},
	year={2022},
	publisher={IEEE}
}


8
@article{hou2023hierarchical,
	title={Hierarchical task offloading for vehicular fog computing based on multi-agent deep reinforcement learning},
	author={Hou, Yukai and Wei, Zhiwei and Zhang, Rongqing and Cheng, Xiang and Yang, Liuqing},
	journal={IEEE Transactions on Wireless Communications},
	year={2023},
	publisher={IEEE}
}


5
@article{wang2023modeling,
	title={Modeling on resource allocation for age-sensitive mobile edge computing using federated multi-agent reinforcement learning},
	author={Wang, Cong and Yao, Tianye and Fan, Tingshan and Peng, Sancheng and Xu, Changming and Yu, Shui},
	journal={IEEE Internet of Things Journal},
	year={2023},
	publisher={IEEE}
}


6
@article{ding2022multi,
	title={Multi-agent reinforcement learning for cooperative task offloading in distributed edge cloud computing},
	author={Ding, Shiyao and Lin, Donghui},
	journal={IEICE TRANSACTIONS on Information and Systems},
	volume={105},
	number={5},
	pages={936--945},
	year={2022},
	publisher={The Institute of Electronics, Information and Communication Engineers}
}


4
@article{gao2023large,
	title={Large-scale Cooperative Task Offloading and Resource Allocation in Heterogeneous MEC Systems via Multi-Agent Reinforcement Learning},
	author={Gao, Zhen and Yang, Lei and Dai, Yu},
	journal={IEEE Internet of Things Journal},
	year={2023},
	publisher={IEEE}
}


0
@article{she2024efficient,
	title={Efficient End-Edge-Cloud Task Offloading in 6G Networks Based on Multi-Agent Deep Reinforcement Learning},
	author={She, Hao and Yan, Lixing and Guo, Yongan},
	journal={IEEE Internet of Things Journal},
	year={2024},
	publisher={IEEE}
}


1
@article{yang2024multi,
	title={Multi-agent Reinforcement Learning based Distributed Channel Access for Industrial Edge-Cloud Web 3.0},
	author={Yang, Chen and Wang, Yushi and Lan, Shulin and Zhu, Liehuang},
	journal={IEEE Transactions on Network Science and Engineering},
	year={2024},
	publisher={IEEE}
}







@Comment{jabref-meta: databaseType:bibtex;}
